%YAML 1.1
%TAG !u! tag:unity3d.com,2011:
--- !u!29 &1
SceneSettings:
  m_ObjectHideFlags: 0
  m_PVSData: 
  m_PVSObjectsArray: []
  m_PVSPortalsArray: []
  m_OcclusionBakeSettings:
    smallestOccluder: 5
    smallestHole: 0.25
    backfaceThreshold: 100
--- !u!104 &2
RenderSettings:
  m_ObjectHideFlags: 0
  serializedVersion: 7
  m_Fog: 0
  m_FogColor: {r: 0.5, g: 0.5, b: 0.5, a: 1}
  m_FogMode: 3
  m_FogDensity: 0.01
  m_LinearFogStart: 0
  m_LinearFogEnd: 300
  m_AmbientSkyColor: {r: 0.212, g: 0.227, b: 0.259, a: 1}
  m_AmbientEquatorColor: {r: 0.114, g: 0.125, b: 0.133, a: 1}
  m_AmbientGroundColor: {r: 0.047, g: 0.043, b: 0.035, a: 1}
  m_AmbientIntensity: 1
  m_AmbientMode: 3
  m_SkyboxMaterial: {fileID: 0}
  m_HaloStrength: 0.5
  m_FlareStrength: 1
  m_FlareFadeSpeed: 3
  m_HaloTexture: {fileID: 0}
  m_SpotCookie: {fileID: 10001, guid: 0000000000000000e000000000000000, type: 0}
  m_DefaultReflectionMode: 0
  m_DefaultReflectionResolution: 128
  m_ReflectionBounces: 1
  m_ReflectionIntensity: 1
  m_CustomReflection: {fileID: 0}
  m_Sun: {fileID: 0}
  m_IndirectSpecularColor: {r: 0, g: 0, b: 0, a: 1}
--- !u!157 &3
LightmapSettings:
  m_ObjectHideFlags: 0
  serializedVersion: 7
  m_GIWorkflowMode: 1
  m_GISettings:
    serializedVersion: 2
    m_BounceScale: 1
    m_IndirectOutputScale: 1
    m_AlbedoBoost: 1
    m_TemporalCoherenceThreshold: 1
    m_EnvironmentLightingMode: 0
    m_EnableBakedLightmaps: 0
    m_EnableRealtimeLightmaps: 0
  m_LightmapEditorSettings:
    serializedVersion: 4
    m_Resolution: 2
    m_BakeResolution: 40
    m_TextureWidth: 1024
    m_TextureHeight: 1024
    m_AO: 0
    m_AOMaxDistance: 1
    m_CompAOExponent: 1
    m_CompAOExponentDirect: 0
    m_Padding: 2
    m_LightmapParameters: {fileID: 0}
    m_LightmapsBakeMode: 1
    m_TextureCompression: 1
    m_DirectLightInLightProbes: 1
    m_FinalGather: 0
    m_FinalGatherFiltering: 1
    m_FinalGatherRayCount: 256
    m_ReflectionCompression: 2
  m_LightingDataAsset: {fileID: 0}
  m_RuntimeCPUUsage: 25
--- !u!196 &4
NavMeshSettings:
  serializedVersion: 2
  m_ObjectHideFlags: 0
  m_BuildSettings:
    serializedVersion: 2
    agentRadius: 0.5
    agentHeight: 2
    agentSlope: 45
    agentClimb: 0.4
    ledgeDropHeight: 0
    maxJumpAcrossDistance: 0
    accuratePlacement: 0
    minRegionArea: 2
    cellSize: 0.16666667
    manualCellSize: 0
  m_NavMeshData: {fileID: 0}
--- !u!1 &19710995
GameObject:
  m_ObjectHideFlags: 0
  m_PrefabParentObject: {fileID: 0}
  m_PrefabInternal: {fileID: 0}
  serializedVersion: 4
  m_Component:
  - 4: {fileID: 19710996}
  m_Layer: 0
  m_Name: Camera Point
  m_TagString: Untagged
  m_Icon: {fileID: 0}
  m_NavMeshLayer: 0
  m_StaticEditorFlags: 0
  m_IsActive: 1
--- !u!4 &19710996
Transform:
  m_ObjectHideFlags: 0
  m_PrefabParentObject: {fileID: 0}
  m_PrefabInternal: {fileID: 0}
  m_GameObject: {fileID: 19710995}
  m_LocalRotation: {x: 0, y: 0, z: 0, w: 1}
  m_LocalPosition: {x: 0, y: 15, z: 0}
  m_LocalScale: {x: 1, y: 1, z: 1}
  m_LocalEulerAnglesHint: {x: 0, y: 0, z: 0}
  m_Children: []
  m_Father: {fileID: 0}
  m_RootOrder: 0
--- !u!1001 &115821926
Prefab:
  m_ObjectHideFlags: 0
  serializedVersion: 2
  m_Modification:
    m_TransformParent: {fileID: 0}
    m_Modifications:
    - target: {fileID: 4000010861879594, guid: db2003636c2836e41b334b8b7640954e, type: 2}
      propertyPath: m_LocalPosition.x
      value: 5.2
      objectReference: {fileID: 0}
    - target: {fileID: 4000010861879594, guid: db2003636c2836e41b334b8b7640954e, type: 2}
      propertyPath: m_LocalPosition.y
      value: 6.6
      objectReference: {fileID: 0}
    - target: {fileID: 4000010861879594, guid: db2003636c2836e41b334b8b7640954e, type: 2}
      propertyPath: m_LocalPosition.z
      value: 0
      objectReference: {fileID: 0}
    - target: {fileID: 4000010861879594, guid: db2003636c2836e41b334b8b7640954e, type: 2}
      propertyPath: m_LocalRotation.x
      value: 0
      objectReference: {fileID: 0}
    - target: {fileID: 4000010861879594, guid: db2003636c2836e41b334b8b7640954e, type: 2}
      propertyPath: m_LocalRotation.y
      value: 0
      objectReference: {fileID: 0}
    - target: {fileID: 4000010861879594, guid: db2003636c2836e41b334b8b7640954e, type: 2}
      propertyPath: m_LocalRotation.z
      value: 0
      objectReference: {fileID: 0}
    - target: {fileID: 4000010861879594, guid: db2003636c2836e41b334b8b7640954e, type: 2}
      propertyPath: m_LocalRotation.w
      value: 1
      objectReference: {fileID: 0}
    - target: {fileID: 4000010861879594, guid: db2003636c2836e41b334b8b7640954e, type: 2}
      propertyPath: m_RootOrder
      value: 20
      objectReference: {fileID: 0}
    - target: {fileID: 1000011757771430, guid: db2003636c2836e41b334b8b7640954e, type: 2}
      propertyPath: m_Name
      value: Golf Game Texture (3)
      objectReference: {fileID: 0}
    m_RemovedComponents: []
  m_ParentPrefab: {fileID: 100100000, guid: db2003636c2836e41b334b8b7640954e, type: 2}
  m_IsPrefabParent: 0
--- !u!1001 &117872834
Prefab:
  m_ObjectHideFlags: 0
  serializedVersion: 2
  m_Modification:
    m_TransformParent: {fileID: 0}
    m_Modifications:
    - target: {fileID: 4000010861879594, guid: db2003636c2836e41b334b8b7640954e, type: 2}
      propertyPath: m_LocalPosition.x
      value: -5.2
      objectReference: {fileID: 0}
    - target: {fileID: 4000010861879594, guid: db2003636c2836e41b334b8b7640954e, type: 2}
      propertyPath: m_LocalPosition.y
      value: 6.6
      objectReference: {fileID: 0}
    - target: {fileID: 4000010861879594, guid: db2003636c2836e41b334b8b7640954e, type: 2}
      propertyPath: m_LocalPosition.z
      value: 0
      objectReference: {fileID: 0}
    - target: {fileID: 4000010861879594, guid: db2003636c2836e41b334b8b7640954e, type: 2}
      propertyPath: m_LocalRotation.x
      value: 0
      objectReference: {fileID: 0}
    - target: {fileID: 4000010861879594, guid: db2003636c2836e41b334b8b7640954e, type: 2}
      propertyPath: m_LocalRotation.y
      value: 0
      objectReference: {fileID: 0}
    - target: {fileID: 4000010861879594, guid: db2003636c2836e41b334b8b7640954e, type: 2}
      propertyPath: m_LocalRotation.z
      value: 0
      objectReference: {fileID: 0}
    - target: {fileID: 4000010861879594, guid: db2003636c2836e41b334b8b7640954e, type: 2}
      propertyPath: m_LocalRotation.w
      value: 1
      objectReference: {fileID: 0}
    - target: {fileID: 4000010861879594, guid: db2003636c2836e41b334b8b7640954e, type: 2}
      propertyPath: m_RootOrder
      value: 21
      objectReference: {fileID: 0}
    - target: {fileID: 1000011757771430, guid: db2003636c2836e41b334b8b7640954e, type: 2}
      propertyPath: m_Name
      value: Golf Game Texture (4)
      objectReference: {fileID: 0}
    m_RemovedComponents: []
  m_ParentPrefab: {fileID: 100100000, guid: db2003636c2836e41b334b8b7640954e, type: 2}
  m_IsPrefabParent: 0
--- !u!1001 &139457022
Prefab:
  m_ObjectHideFlags: 0
  serializedVersion: 2
  m_Modification:
    m_TransformParent: {fileID: 0}
    m_Modifications:
    - target: {fileID: 4000011446644864, guid: 2bbcd9802a0e66440a0402194184bab9, type: 2}
      propertyPath: m_LocalPosition.x
      value: -2
      objectReference: {fileID: 0}
    - target: {fileID: 4000011446644864, guid: 2bbcd9802a0e66440a0402194184bab9, type: 2}
      propertyPath: m_LocalPosition.y
      value: 3
      objectReference: {fileID: 0}
    - target: {fileID: 4000011446644864, guid: 2bbcd9802a0e66440a0402194184bab9, type: 2}
      propertyPath: m_LocalPosition.z
      value: 0
      objectReference: {fileID: 0}
    - target: {fileID: 4000011446644864, guid: 2bbcd9802a0e66440a0402194184bab9, type: 2}
      propertyPath: m_LocalRotation.x
      value: 0
      objectReference: {fileID: 0}
    - target: {fileID: 4000011446644864, guid: 2bbcd9802a0e66440a0402194184bab9, type: 2}
      propertyPath: m_LocalRotation.y
      value: 0
      objectReference: {fileID: 0}
    - target: {fileID: 4000011446644864, guid: 2bbcd9802a0e66440a0402194184bab9, type: 2}
      propertyPath: m_LocalRotation.z
      value: 1
      objectReference: {fileID: 0}
    - target: {fileID: 4000011446644864, guid: 2bbcd9802a0e66440a0402194184bab9, type: 2}
      propertyPath: m_LocalRotation.w
      value: 0
      objectReference: {fileID: 0}
    - target: {fileID: 4000011446644864, guid: 2bbcd9802a0e66440a0402194184bab9, type: 2}
      propertyPath: m_RootOrder
      value: 29
      objectReference: {fileID: 0}
    - target: {fileID: 4000011446644864, guid: 2bbcd9802a0e66440a0402194184bab9, type: 2}
      propertyPath: m_LocalEulerAnglesHint.z
      value: 180
      objectReference: {fileID: 0}
    - target: {fileID: 1000014185866370, guid: 2bbcd9802a0e66440a0402194184bab9, type: 2}
      propertyPath: m_Name
      value: SpeedCollider (2)
      objectReference: {fileID: 0}
    m_RemovedComponents: []
  m_ParentPrefab: {fileID: 100100000, guid: 2bbcd9802a0e66440a0402194184bab9, type: 2}
  m_IsPrefabParent: 0
--- !u!1001 &188014750
Prefab:
  m_ObjectHideFlags: 0
  serializedVersion: 2
  m_Modification:
    m_TransformParent: {fileID: 0}
    m_Modifications:
    - target: {fileID: 4000011308881932, guid: a9625ae5aa4c26643aa483b970d4c7ee, type: 2}
      propertyPath: m_LocalPosition.x
      value: -16.562265
      objectReference: {fileID: 0}
    - target: {fileID: 4000011308881932, guid: a9625ae5aa4c26643aa483b970d4c7ee, type: 2}
      propertyPath: m_LocalPosition.y
      value: 11.539913
      objectReference: {fileID: 0}
    - target: {fileID: 4000011308881932, guid: a9625ae5aa4c26643aa483b970d4c7ee, type: 2}
      propertyPath: m_LocalPosition.z
      value: 0
      objectReference: {fileID: 0}
    - target: {fileID: 4000011308881932, guid: a9625ae5aa4c26643aa483b970d4c7ee, type: 2}
      propertyPath: m_LocalRotation.x
      value: 0
      objectReference: {fileID: 0}
    - target: {fileID: 4000011308881932, guid: a9625ae5aa4c26643aa483b970d4c7ee, type: 2}
      propertyPath: m_LocalRotation.y
      value: 1
      objectReference: {fileID: 0}
    - target: {fileID: 4000011308881932, guid: a9625ae5aa4c26643aa483b970d4c7ee, type: 2}
      propertyPath: m_LocalRotation.z
      value: 0
      objectReference: {fileID: 0}
    - target: {fileID: 4000011308881932, guid: a9625ae5aa4c26643aa483b970d4c7ee, type: 2}
      propertyPath: m_LocalRotation.w
      value: 0
      objectReference: {fileID: 0}
    - target: {fileID: 4000011308881932, guid: a9625ae5aa4c26643aa483b970d4c7ee, type: 2}
      propertyPath: m_RootOrder
      value: 13
      objectReference: {fileID: 0}
    - target: {fileID: 4000011308881932, guid: a9625ae5aa4c26643aa483b970d4c7ee, type: 2}
      propertyPath: m_LocalEulerAnglesHint.y
      value: 180
      objectReference: {fileID: 0}
    m_RemovedComponents: []
  m_ParentPrefab: {fileID: 100100000, guid: a9625ae5aa4c26643aa483b970d4c7ee, type: 2}
  m_IsPrefabParent: 0
--- !u!1001 &200493708
Prefab:
  m_ObjectHideFlags: 0
  serializedVersion: 2
  m_Modification:
    m_TransformParent: {fileID: 0}
    m_Modifications:
    - target: {fileID: 4000013376390530, guid: 1db003e07948d754f85b8dc2b9758c1e, type: 2}
      propertyPath: m_LocalPosition.x
      value: -11
      objectReference: {fileID: 0}
    - target: {fileID: 4000013376390530, guid: 1db003e07948d754f85b8dc2b9758c1e, type: 2}
      propertyPath: m_LocalPosition.y
      value: 15
      objectReference: {fileID: 0}
    - target: {fileID: 4000013376390530, guid: 1db003e07948d754f85b8dc2b9758c1e, type: 2}
      propertyPath: m_LocalPosition.z
      value: 0
      objectReference: {fileID: 0}
    - target: {fileID: 4000013376390530, guid: 1db003e07948d754f85b8dc2b9758c1e, type: 2}
      propertyPath: m_LocalRotation.x
      value: 0
      objectReference: {fileID: 0}
    - target: {fileID: 4000013376390530, guid: 1db003e07948d754f85b8dc2b9758c1e, type: 2}
      propertyPath: m_LocalRotation.y
      value: 0
      objectReference: {fileID: 0}
    - target: {fileID: 4000013376390530, guid: 1db003e07948d754f85b8dc2b9758c1e, type: 2}
      propertyPath: m_LocalRotation.z
      value: 0
      objectReference: {fileID: 0}
    - target: {fileID: 4000013376390530, guid: 1db003e07948d754f85b8dc2b9758c1e, type: 2}
      propertyPath: m_LocalRotation.w
      value: 1
      objectReference: {fileID: 0}
    - target: {fileID: 4000013376390530, guid: 1db003e07948d754f85b8dc2b9758c1e, type: 2}
      propertyPath: m_RootOrder
      value: 4
      objectReference: {fileID: 0}
    m_RemovedComponents: []
  m_ParentPrefab: {fileID: 100100000, guid: 1db003e07948d754f85b8dc2b9758c1e, type: 2}
  m_IsPrefabParent: 0
--- !u!4 &200493709 stripped
Transform:
  m_PrefabParentObject: {fileID: 4000013376390530, guid: 1db003e07948d754f85b8dc2b9758c1e,
    type: 2}
  m_PrefabInternal: {fileID: 200493708}
--- !u!1001 &241106844
Prefab:
  m_ObjectHideFlags: 0
  serializedVersion: 2
  m_Modification:
    m_TransformParent: {fileID: 0}
    m_Modifications:
    - target: {fileID: 4000010861879594, guid: db2003636c2836e41b334b8b7640954e, type: 2}
      propertyPath: m_LocalPosition.x
      value: -10
      objectReference: {fileID: 0}
    - target: {fileID: 4000010861879594, guid: db2003636c2836e41b334b8b7640954e, type: 2}
      propertyPath: m_LocalPosition.y
      value: 11.9
      objectReference: {fileID: 0}
    - target: {fileID: 4000010861879594, guid: db2003636c2836e41b334b8b7640954e, type: 2}
      propertyPath: m_LocalPosition.z
      value: 0
      objectReference: {fileID: 0}
    - target: {fileID: 4000010861879594, guid: db2003636c2836e41b334b8b7640954e, type: 2}
      propertyPath: m_LocalRotation.x
      value: 0
      objectReference: {fileID: 0}
    - target: {fileID: 4000010861879594, guid: db2003636c2836e41b334b8b7640954e, type: 2}
      propertyPath: m_LocalRotation.y
      value: 0
      objectReference: {fileID: 0}
    - target: {fileID: 4000010861879594, guid: db2003636c2836e41b334b8b7640954e, type: 2}
      propertyPath: m_LocalRotation.z
      value: 0.7071068
      objectReference: {fileID: 0}
    - target: {fileID: 4000010861879594, guid: db2003636c2836e41b334b8b7640954e, type: 2}
      propertyPath: m_LocalRotation.w
      value: 0.7071068
      objectReference: {fileID: 0}
    - target: {fileID: 4000010861879594, guid: db2003636c2836e41b334b8b7640954e, type: 2}
      propertyPath: m_RootOrder
      value: 24
      objectReference: {fileID: 0}
    - target: {fileID: 1000011757771430, guid: db2003636c2836e41b334b8b7640954e, type: 2}
      propertyPath: m_Name
      value: Golf Game Texture (9)
      objectReference: {fileID: 0}
    - target: {fileID: 4000010861879594, guid: db2003636c2836e41b334b8b7640954e, type: 2}
      propertyPath: m_LocalEulerAnglesHint.z
      value: 90
      objectReference: {fileID: 0}
    m_RemovedComponents: []
  m_ParentPrefab: {fileID: 100100000, guid: db2003636c2836e41b334b8b7640954e, type: 2}
  m_IsPrefabParent: 0
--- !u!1001 &251402891
Prefab:
  m_ObjectHideFlags: 0
  serializedVersion: 2
  m_Modification:
    m_TransformParent: {fileID: 0}
    m_Modifications:
    - target: {fileID: 4000012315540646, guid: 38069859ee4445f4d802d83323b22127, type: 2}
      propertyPath: m_LocalPosition.x
      value: 0
      objectReference: {fileID: 0}
    - target: {fileID: 4000012315540646, guid: 38069859ee4445f4d802d83323b22127, type: 2}
      propertyPath: m_LocalPosition.y
      value: 5.8
      objectReference: {fileID: 0}
    - target: {fileID: 4000012315540646, guid: 38069859ee4445f4d802d83323b22127, type: 2}
      propertyPath: m_LocalPosition.z
      value: 0.5
      objectReference: {fileID: 0}
    - target: {fileID: 4000012315540646, guid: 38069859ee4445f4d802d83323b22127, type: 2}
      propertyPath: m_LocalRotation.x
      value: 0
      objectReference: {fileID: 0}
    - target: {fileID: 4000012315540646, guid: 38069859ee4445f4d802d83323b22127, type: 2}
      propertyPath: m_LocalRotation.y
      value: 0
      objectReference: {fileID: 0}
    - target: {fileID: 4000012315540646, guid: 38069859ee4445f4d802d83323b22127, type: 2}
      propertyPath: m_LocalRotation.z
      value: 0
      objectReference: {fileID: 0}
    - target: {fileID: 4000012315540646, guid: 38069859ee4445f4d802d83323b22127, type: 2}
      propertyPath: m_LocalRotation.w
      value: 1
      objectReference: {fileID: 0}
    - target: {fileID: 4000012315540646, guid: 38069859ee4445f4d802d83323b22127, type: 2}
      propertyPath: m_RootOrder
      value: 37
      objectReference: {fileID: 0}
    - target: {fileID: 4000012315540646, guid: 38069859ee4445f4d802d83323b22127, type: 2}
      propertyPath: m_LocalScale.x
      value: 10
      objectReference: {fileID: 0}
    - target: {fileID: 4000012315540646, guid: 38069859ee4445f4d802d83323b22127, type: 2}
      propertyPath: m_LocalScale.y
      value: 28
      objectReference: {fileID: 0}
    - target: {fileID: 23000012600708012, guid: 38069859ee4445f4d802d83323b22127,
        type: 2}
      propertyPath: m_Materials.Array.data[0]
      value: 
      objectReference: {fileID: 2100000, guid: 2e6a396442c62ad4cbfc9f1f972f9d1c, type: 2}
    - target: {fileID: 1000012458758084, guid: 38069859ee4445f4d802d83323b22127, type: 2}
      propertyPath: m_Name
      value: Background
      objectReference: {fileID: 0}
    m_RemovedComponents: []
  m_ParentPrefab: {fileID: 100100000, guid: 38069859ee4445f4d802d83323b22127, type: 2}
  m_IsPrefabParent: 0
--- !u!1001 &289734204
Prefab:
  m_ObjectHideFlags: 0
  serializedVersion: 2
  m_Modification:
    m_TransformParent: {fileID: 0}
    m_Modifications:
    - target: {fileID: 4000012504664748, guid: 7108e73441057604991f760c164a9cf6, type: 2}
      propertyPath: m_LocalPosition.x
      value: 7.1879706
      objectReference: {fileID: 0}
    - target: {fileID: 4000012504664748, guid: 7108e73441057604991f760c164a9cf6, type: 2}
      propertyPath: m_LocalPosition.y
      value: -6.9409795
      objectReference: {fileID: 0}
    - target: {fileID: 4000012504664748, guid: 7108e73441057604991f760c164a9cf6, type: 2}
      propertyPath: m_LocalPosition.z
      value: 0
      objectReference: {fileID: 0}
    - target: {fileID: 4000012504664748, guid: 7108e73441057604991f760c164a9cf6, type: 2}
      propertyPath: m_LocalRotation.x
      value: -0
      objectReference: {fileID: 0}
    - target: {fileID: 4000012504664748, guid: 7108e73441057604991f760c164a9cf6, type: 2}
      propertyPath: m_LocalRotation.y
      value: -0
      objectReference: {fileID: 0}
    - target: {fileID: 4000012504664748, guid: 7108e73441057604991f760c164a9cf6, type: 2}
      propertyPath: m_LocalRotation.z
      value: -0
      objectReference: {fileID: 0}
    - target: {fileID: 4000012504664748, guid: 7108e73441057604991f760c164a9cf6, type: 2}
      propertyPath: m_LocalRotation.w
      value: 1
      objectReference: {fileID: 0}
    - target: {fileID: 4000012504664748, guid: 7108e73441057604991f760c164a9cf6, type: 2}
      propertyPath: m_RootOrder
      value: 11
      objectReference: {fileID: 0}
    m_RemovedComponents: []
  m_ParentPrefab: {fileID: 100100000, guid: 7108e73441057604991f760c164a9cf6, type: 2}
  m_IsPrefabParent: 0
--- !u!1001 &330535456
Prefab:
  m_ObjectHideFlags: 0
  serializedVersion: 2
  m_Modification:
    m_TransformParent: {fileID: 0}
    m_Modifications:
    - target: {fileID: 4000011446644864, guid: 2bbcd9802a0e66440a0402194184bab9, type: 2}
      propertyPath: m_LocalPosition.x
      value: -2
      objectReference: {fileID: 0}
    - target: {fileID: 4000011446644864, guid: 2bbcd9802a0e66440a0402194184bab9, type: 2}
      propertyPath: m_LocalPosition.y
      value: 9.89
      objectReference: {fileID: 0}
    - target: {fileID: 4000011446644864, guid: 2bbcd9802a0e66440a0402194184bab9, type: 2}
      propertyPath: m_LocalPosition.z
      value: 0
      objectReference: {fileID: 0}
    - target: {fileID: 4000011446644864, guid: 2bbcd9802a0e66440a0402194184bab9, type: 2}
      propertyPath: m_LocalRotation.x
      value: 0
      objectReference: {fileID: 0}
    - target: {fileID: 4000011446644864, guid: 2bbcd9802a0e66440a0402194184bab9, type: 2}
      propertyPath: m_LocalRotation.y
      value: 0
      objectReference: {fileID: 0}
    - target: {fileID: 4000011446644864, guid: 2bbcd9802a0e66440a0402194184bab9, type: 2}
      propertyPath: m_LocalRotation.z
      value: 1
      objectReference: {fileID: 0}
    - target: {fileID: 4000011446644864, guid: 2bbcd9802a0e66440a0402194184bab9, type: 2}
      propertyPath: m_LocalRotation.w
      value: 0
      objectReference: {fileID: 0}
    - target: {fileID: 4000011446644864, guid: 2bbcd9802a0e66440a0402194184bab9, type: 2}
      propertyPath: m_RootOrder
      value: 35
      objectReference: {fileID: 0}
    - target: {fileID: 4000011446644864, guid: 2bbcd9802a0e66440a0402194184bab9, type: 2}
      propertyPath: m_LocalEulerAnglesHint.z
      value: 180
      objectReference: {fileID: 0}
    - target: {fileID: 1000014185866370, guid: 2bbcd9802a0e66440a0402194184bab9, type: 2}
      propertyPath: m_Name
      value: SpeedCollider (8)
      objectReference: {fileID: 0}
    m_RemovedComponents: []
  m_ParentPrefab: {fileID: 100100000, guid: 2bbcd9802a0e66440a0402194184bab9, type: 2}
  m_IsPrefabParent: 0
--- !u!1001 &355647378
Prefab:
  m_ObjectHideFlags: 0
  serializedVersion: 2
  m_Modification:
    m_TransformParent: {fileID: 0}
    m_Modifications:
    - target: {fileID: 4000010861879594, guid: db2003636c2836e41b334b8b7640954e, type: 2}
      propertyPath: m_LocalPosition.x
      value: 5.2
      objectReference: {fileID: 0}
    - target: {fileID: 4000010861879594, guid: db2003636c2836e41b334b8b7640954e, type: 2}
      propertyPath: m_LocalPosition.y
      value: -3.6
      objectReference: {fileID: 0}
    - target: {fileID: 4000010861879594, guid: db2003636c2836e41b334b8b7640954e, type: 2}
      propertyPath: m_LocalPosition.z
      value: 0
      objectReference: {fileID: 0}
    - target: {fileID: 4000010861879594, guid: db2003636c2836e41b334b8b7640954e, type: 2}
      propertyPath: m_LocalRotation.x
      value: 0
      objectReference: {fileID: 0}
    - target: {fileID: 4000010861879594, guid: db2003636c2836e41b334b8b7640954e, type: 2}
      propertyPath: m_LocalRotation.y
      value: 0
      objectReference: {fileID: 0}
    - target: {fileID: 4000010861879594, guid: db2003636c2836e41b334b8b7640954e, type: 2}
      propertyPath: m_LocalRotation.z
      value: 0
      objectReference: {fileID: 0}
    - target: {fileID: 4000010861879594, guid: db2003636c2836e41b334b8b7640954e, type: 2}
      propertyPath: m_LocalRotation.w
      value: 1
      objectReference: {fileID: 0}
    - target: {fileID: 4000010861879594, guid: db2003636c2836e41b334b8b7640954e, type: 2}
      propertyPath: m_RootOrder
      value: 19
      objectReference: {fileID: 0}
    - target: {fileID: 1000011757771430, guid: db2003636c2836e41b334b8b7640954e, type: 2}
      propertyPath: m_Name
      value: Golf Game Texture (2)
      objectReference: {fileID: 0}
    m_RemovedComponents: []
  m_ParentPrefab: {fileID: 100100000, guid: db2003636c2836e41b334b8b7640954e, type: 2}
  m_IsPrefabParent: 0
--- !u!1001 &427225398
Prefab:
  m_ObjectHideFlags: 0
  serializedVersion: 2
  m_Modification:
    m_TransformParent: {fileID: 0}
    m_Modifications:
    - target: {fileID: 4000011447510780, guid: 02e9591d4692f494fa1627f6e75ec7d9, type: 2}
      propertyPath: m_LocalPosition.x
      value: -7.6272883
      objectReference: {fileID: 0}
    - target: {fileID: 4000011447510780, guid: 02e9591d4692f494fa1627f6e75ec7d9, type: 2}
      propertyPath: m_LocalPosition.y
      value: 9.707097
      objectReference: {fileID: 0}
    - target: {fileID: 4000011447510780, guid: 02e9591d4692f494fa1627f6e75ec7d9, type: 2}
      propertyPath: m_LocalPosition.z
      value: 0
      objectReference: {fileID: 0}
    - target: {fileID: 4000011447510780, guid: 02e9591d4692f494fa1627f6e75ec7d9, type: 2}
      propertyPath: m_LocalRotation.x
      value: -0
      objectReference: {fileID: 0}
    - target: {fileID: 4000011447510780, guid: 02e9591d4692f494fa1627f6e75ec7d9, type: 2}
      propertyPath: m_LocalRotation.y
      value: -0
      objectReference: {fileID: 0}
    - target: {fileID: 4000011447510780, guid: 02e9591d4692f494fa1627f6e75ec7d9, type: 2}
      propertyPath: m_LocalRotation.z
      value: -0
      objectReference: {fileID: 0}
    - target: {fileID: 4000011447510780, guid: 02e9591d4692f494fa1627f6e75ec7d9, type: 2}
      propertyPath: m_LocalRotation.w
      value: 1
      objectReference: {fileID: 0}
    - target: {fileID: 4000011447510780, guid: 02e9591d4692f494fa1627f6e75ec7d9, type: 2}
      propertyPath: m_RootOrder
      value: 15
      objectReference: {fileID: 0}
    m_RemovedComponents: []
  m_ParentPrefab: {fileID: 100100000, guid: 02e9591d4692f494fa1627f6e75ec7d9, type: 2}
  m_IsPrefabParent: 0
--- !u!1001 &568738828
Prefab:
  m_ObjectHideFlags: 0
  serializedVersion: 2
  m_Modification:
    m_TransformParent: {fileID: 0}
    m_Modifications:
    - target: {fileID: 4000010861879594, guid: db2003636c2836e41b334b8b7640954e, type: 2}
      propertyPath: m_LocalPosition.x
      value: -0
      objectReference: {fileID: 0}
    - target: {fileID: 4000010861879594, guid: db2003636c2836e41b334b8b7640954e, type: 2}
      propertyPath: m_LocalPosition.y
      value: 20
      objectReference: {fileID: 0}
    - target: {fileID: 4000010861879594, guid: db2003636c2836e41b334b8b7640954e, type: 2}
      propertyPath: m_LocalPosition.z
      value: 0
      objectReference: {fileID: 0}
    - target: {fileID: 4000010861879594, guid: db2003636c2836e41b334b8b7640954e, type: 2}
      propertyPath: m_LocalRotation.x
      value: 0
      objectReference: {fileID: 0}
    - target: {fileID: 4000010861879594, guid: db2003636c2836e41b334b8b7640954e, type: 2}
      propertyPath: m_LocalRotation.y
      value: 0
      objectReference: {fileID: 0}
    - target: {fileID: 4000010861879594, guid: db2003636c2836e41b334b8b7640954e, type: 2}
      propertyPath: m_LocalRotation.z
      value: 0.7071068
      objectReference: {fileID: 0}
    - target: {fileID: 4000010861879594, guid: db2003636c2836e41b334b8b7640954e, type: 2}
      propertyPath: m_LocalRotation.w
      value: 0.7071068
      objectReference: {fileID: 0}
    - target: {fileID: 4000010861879594, guid: db2003636c2836e41b334b8b7640954e, type: 2}
      propertyPath: m_RootOrder
      value: 23
      objectReference: {fileID: 0}
    - target: {fileID: 1000011757771430, guid: db2003636c2836e41b334b8b7640954e, type: 2}
      propertyPath: m_Name
      value: Golf Game Texture (6)
      objectReference: {fileID: 0}
    - target: {fileID: 4000010861879594, guid: db2003636c2836e41b334b8b7640954e, type: 2}
      propertyPath: m_LocalEulerAnglesHint.z
      value: 90
      objectReference: {fileID: 0}
    m_RemovedComponents: []
  m_ParentPrefab: {fileID: 100100000, guid: db2003636c2836e41b334b8b7640954e, type: 2}
  m_IsPrefabParent: 0
--- !u!1001 &571643765
Prefab:
  m_ObjectHideFlags: 0
  serializedVersion: 2
  m_Modification:
    m_TransformParent: {fileID: 0}
    m_Modifications:
    - target: {fileID: 4000011446644864, guid: 2bbcd9802a0e66440a0402194184bab9, type: 2}
      propertyPath: m_LocalPosition.x
      value: -0.2
      objectReference: {fileID: 0}
    - target: {fileID: 4000011446644864, guid: 2bbcd9802a0e66440a0402194184bab9, type: 2}
      propertyPath: m_LocalPosition.y
      value: 3
      objectReference: {fileID: 0}
    - target: {fileID: 4000011446644864, guid: 2bbcd9802a0e66440a0402194184bab9, type: 2}
      propertyPath: m_LocalPosition.z
      value: 0
      objectReference: {fileID: 0}
    - target: {fileID: 4000011446644864, guid: 2bbcd9802a0e66440a0402194184bab9, type: 2}
      propertyPath: m_LocalRotation.x
      value: 0
      objectReference: {fileID: 0}
    - target: {fileID: 4000011446644864, guid: 2bbcd9802a0e66440a0402194184bab9, type: 2}
      propertyPath: m_LocalRotation.y
      value: 0
      objectReference: {fileID: 0}
    - target: {fileID: 4000011446644864, guid: 2bbcd9802a0e66440a0402194184bab9, type: 2}
      propertyPath: m_LocalRotation.z
      value: 1
      objectReference: {fileID: 0}
    - target: {fileID: 4000011446644864, guid: 2bbcd9802a0e66440a0402194184bab9, type: 2}
      propertyPath: m_LocalRotation.w
      value: 0
      objectReference: {fileID: 0}
    - target: {fileID: 4000011446644864, guid: 2bbcd9802a0e66440a0402194184bab9, type: 2}
      propertyPath: m_RootOrder
      value: 30
      objectReference: {fileID: 0}
    - target: {fileID: 4000011446644864, guid: 2bbcd9802a0e66440a0402194184bab9, type: 2}
      propertyPath: m_LocalEulerAnglesHint.z
      value: 180
      objectReference: {fileID: 0}
    - target: {fileID: 1000014185866370, guid: 2bbcd9802a0e66440a0402194184bab9, type: 2}
      propertyPath: m_Name
      value: SpeedCollider (3)
      objectReference: {fileID: 0}
    m_RemovedComponents: []
  m_ParentPrefab: {fileID: 100100000, guid: 2bbcd9802a0e66440a0402194184bab9, type: 2}
  m_IsPrefabParent: 0
--- !u!1001 &687849369
Prefab:
  m_ObjectHideFlags: 0
  serializedVersion: 2
  m_Modification:
    m_TransformParent: {fileID: 0}
    m_Modifications:
    - target: {fileID: 4000010861879594, guid: db2003636c2836e41b334b8b7640954e, type: 2}
      propertyPath: m_LocalPosition.x
      value: 5.2
      objectReference: {fileID: 0}
    - target: {fileID: 4000010861879594, guid: db2003636c2836e41b334b8b7640954e, type: 2}
      propertyPath: m_LocalPosition.y
      value: 15.1
      objectReference: {fileID: 0}
    - target: {fileID: 4000010861879594, guid: db2003636c2836e41b334b8b7640954e, type: 2}
      propertyPath: m_LocalPosition.z
      value: 0
      objectReference: {fileID: 0}
    - target: {fileID: 4000010861879594, guid: db2003636c2836e41b334b8b7640954e, type: 2}
      propertyPath: m_LocalRotation.x
      value: 0
      objectReference: {fileID: 0}
    - target: {fileID: 4000010861879594, guid: db2003636c2836e41b334b8b7640954e, type: 2}
      propertyPath: m_LocalRotation.y
      value: 0
      objectReference: {fileID: 0}
    - target: {fileID: 4000010861879594, guid: db2003636c2836e41b334b8b7640954e, type: 2}
      propertyPath: m_LocalRotation.z
      value: 0
      objectReference: {fileID: 0}
    - target: {fileID: 4000010861879594, guid: db2003636c2836e41b334b8b7640954e, type: 2}
      propertyPath: m_LocalRotation.w
      value: 1
      objectReference: {fileID: 0}
    - target: {fileID: 4000010861879594, guid: db2003636c2836e41b334b8b7640954e, type: 2}
      propertyPath: m_RootOrder
      value: 25
      objectReference: {fileID: 0}
    - target: {fileID: 1000011757771430, guid: db2003636c2836e41b334b8b7640954e, type: 2}
      propertyPath: m_Name
      value: Golf Game Texture (10)
      objectReference: {fileID: 0}
    m_RemovedComponents: []
  m_ParentPrefab: {fileID: 100100000, guid: db2003636c2836e41b334b8b7640954e, type: 2}
  m_IsPrefabParent: 0
--- !u!1001 &694398950
Prefab:
  m_ObjectHideFlags: 0
  serializedVersion: 2
  m_Modification:
    m_TransformParent: {fileID: 0}
    m_Modifications:
    - target: {fileID: 4000010861879594, guid: db2003636c2836e41b334b8b7640954e, type: 2}
      propertyPath: m_LocalPosition.x
      value: -15
      objectReference: {fileID: 0}
    - target: {fileID: 4000010861879594, guid: db2003636c2836e41b334b8b7640954e, type: 2}
      propertyPath: m_LocalPosition.y
      value: 16
      objectReference: {fileID: 0}
    - target: {fileID: 4000010861879594, guid: db2003636c2836e41b334b8b7640954e, type: 2}
      propertyPath: m_LocalPosition.z
      value: 0
      objectReference: {fileID: 0}
    - target: {fileID: 4000010861879594, guid: db2003636c2836e41b334b8b7640954e, type: 2}
      propertyPath: m_LocalRotation.x
      value: 0
      objectReference: {fileID: 0}
    - target: {fileID: 4000010861879594, guid: db2003636c2836e41b334b8b7640954e, type: 2}
      propertyPath: m_LocalRotation.y
      value: 0
      objectReference: {fileID: 0}
    - target: {fileID: 4000010861879594, guid: db2003636c2836e41b334b8b7640954e, type: 2}
      propertyPath: m_LocalRotation.z
      value: 0
      objectReference: {fileID: 0}
    - target: {fileID: 4000010861879594, guid: db2003636c2836e41b334b8b7640954e, type: 2}
      propertyPath: m_LocalRotation.w
      value: 1
      objectReference: {fileID: 0}
    - target: {fileID: 4000010861879594, guid: db2003636c2836e41b334b8b7640954e, type: 2}
      propertyPath: m_RootOrder
      value: 27
      objectReference: {fileID: 0}
    - target: {fileID: 1000011757771430, guid: db2003636c2836e41b334b8b7640954e, type: 2}
      propertyPath: m_Name
      value: Golf Game Texture (12)
      objectReference: {fileID: 0}
    - target: {fileID: 4000010861879594, guid: db2003636c2836e41b334b8b7640954e, type: 2}
      propertyPath: m_LocalEulerAnglesHint.z
      value: 0
      objectReference: {fileID: 0}
    - target: {fileID: 4000010861879594, guid: db2003636c2836e41b334b8b7640954e, type: 2}
      propertyPath: m_LocalScale.y
      value: 1.7
      objectReference: {fileID: 0}
    m_RemovedComponents: []
  m_ParentPrefab: {fileID: 100100000, guid: db2003636c2836e41b334b8b7640954e, type: 2}
  m_IsPrefabParent: 0
--- !u!1001 &889217568
Prefab:
  m_ObjectHideFlags: 0
  serializedVersion: 2
  m_Modification:
    m_TransformParent: {fileID: 0}
    m_Modifications:
    - target: {fileID: 4000011446644864, guid: 2bbcd9802a0e66440a0402194184bab9, type: 2}
      propertyPath: m_LocalPosition.x
      value: -0.2
      objectReference: {fileID: 0}
    - target: {fileID: 4000011446644864, guid: 2bbcd9802a0e66440a0402194184bab9, type: 2}
      propertyPath: m_LocalPosition.y
      value: 9.89
      objectReference: {fileID: 0}
    - target: {fileID: 4000011446644864, guid: 2bbcd9802a0e66440a0402194184bab9, type: 2}
      propertyPath: m_LocalPosition.z
      value: 0
      objectReference: {fileID: 0}
    - target: {fileID: 4000011446644864, guid: 2bbcd9802a0e66440a0402194184bab9, type: 2}
      propertyPath: m_LocalRotation.x
      value: 0
      objectReference: {fileID: 0}
    - target: {fileID: 4000011446644864, guid: 2bbcd9802a0e66440a0402194184bab9, type: 2}
      propertyPath: m_LocalRotation.y
      value: 0
      objectReference: {fileID: 0}
    - target: {fileID: 4000011446644864, guid: 2bbcd9802a0e66440a0402194184bab9, type: 2}
      propertyPath: m_LocalRotation.z
      value: 1
      objectReference: {fileID: 0}
    - target: {fileID: 4000011446644864, guid: 2bbcd9802a0e66440a0402194184bab9, type: 2}
      propertyPath: m_LocalRotation.w
      value: 0
      objectReference: {fileID: 0}
    - target: {fileID: 4000011446644864, guid: 2bbcd9802a0e66440a0402194184bab9, type: 2}
      propertyPath: m_RootOrder
      value: 34
      objectReference: {fileID: 0}
    - target: {fileID: 4000011446644864, guid: 2bbcd9802a0e66440a0402194184bab9, type: 2}
      propertyPath: m_LocalEulerAnglesHint.z
      value: 180
      objectReference: {fileID: 0}
    - target: {fileID: 1000014185866370, guid: 2bbcd9802a0e66440a0402194184bab9, type: 2}
      propertyPath: m_Name
      value: SpeedCollider (7)
      objectReference: {fileID: 0}
    m_RemovedComponents: []
  m_ParentPrefab: {fileID: 100100000, guid: 2bbcd9802a0e66440a0402194184bab9, type: 2}
  m_IsPrefabParent: 0
--- !u!1001 &947913656
Prefab:
  m_ObjectHideFlags: 0
  serializedVersion: 2
  m_Modification:
    m_TransformParent: {fileID: 0}
    m_Modifications:
    - target: {fileID: 4000011075544036, guid: a0a31ba8e427c034baac0bba1ab0c6e1, type: 2}
      propertyPath: m_LocalPosition.x
      value: 0
      objectReference: {fileID: 0}
    - target: {fileID: 4000011075544036, guid: a0a31ba8e427c034baac0bba1ab0c6e1, type: 2}
      propertyPath: m_LocalPosition.y
      value: -6.5
      objectReference: {fileID: 0}
    - target: {fileID: 4000011075544036, guid: a0a31ba8e427c034baac0bba1ab0c6e1, type: 2}
      propertyPath: m_LocalPosition.z
      value: 0
      objectReference: {fileID: 0}
    - target: {fileID: 4000011075544036, guid: a0a31ba8e427c034baac0bba1ab0c6e1, type: 2}
      propertyPath: m_LocalRotation.x
      value: -0
      objectReference: {fileID: 0}
    - target: {fileID: 4000011075544036, guid: a0a31ba8e427c034baac0bba1ab0c6e1, type: 2}
      propertyPath: m_LocalRotation.y
      value: -0
      objectReference: {fileID: 0}
    - target: {fileID: 4000011075544036, guid: a0a31ba8e427c034baac0bba1ab0c6e1, type: 2}
      propertyPath: m_LocalRotation.z
      value: -0
      objectReference: {fileID: 0}
    - target: {fileID: 4000011075544036, guid: a0a31ba8e427c034baac0bba1ab0c6e1, type: 2}
      propertyPath: m_LocalRotation.w
      value: 1
      objectReference: {fileID: 0}
    - target: {fileID: 4000011075544036, guid: a0a31ba8e427c034baac0bba1ab0c6e1, type: 2}
      propertyPath: m_RootOrder
      value: 3
      objectReference: {fileID: 0}
    - target: {fileID: 96000010701322742, guid: a0a31ba8e427c034baac0bba1ab0c6e1,
        type: 2}
      propertyPath: m_Enabled
      value: 0
      objectReference: {fileID: 0}
    m_RemovedComponents: []
  m_ParentPrefab: {fileID: 100100000, guid: a0a31ba8e427c034baac0bba1ab0c6e1, type: 2}
  m_IsPrefabParent: 0
--- !u!4 &947913657 stripped
Transform:
  m_PrefabParentObject: {fileID: 4000011075544036, guid: a0a31ba8e427c034baac0bba1ab0c6e1,
    type: 2}
  m_PrefabInternal: {fileID: 947913656}
--- !u!1001 &1066751929
Prefab:
  m_ObjectHideFlags: 0
  serializedVersion: 2
  m_Modification:
    m_TransformParent: {fileID: 0}
    m_Modifications:
    - target: {fileID: 4000011233693186, guid: eb1c596d34569c442800d81e0a495f9a, type: 2}
      propertyPath: m_LocalPosition.x
      value: 7.3407073
      objectReference: {fileID: 0}
    - target: {fileID: 4000011233693186, guid: eb1c596d34569c442800d81e0a495f9a, type: 2}
      propertyPath: m_LocalPosition.y
      value: 16.809258
      objectReference: {fileID: 0}
    - target: {fileID: 4000011233693186, guid: eb1c596d34569c442800d81e0a495f9a, type: 2}
      propertyPath: m_LocalPosition.z
      value: 0
      objectReference: {fileID: 0}
    - target: {fileID: 4000011233693186, guid: eb1c596d34569c442800d81e0a495f9a, type: 2}
      propertyPath: m_LocalRotation.x
      value: -0
      objectReference: {fileID: 0}
    - target: {fileID: 4000011233693186, guid: eb1c596d34569c442800d81e0a495f9a, type: 2}
      propertyPath: m_LocalRotation.y
      value: -0
      objectReference: {fileID: 0}
    - target: {fileID: 4000011233693186, guid: eb1c596d34569c442800d81e0a495f9a, type: 2}
      propertyPath: m_LocalRotation.z
      value: -0
      objectReference: {fileID: 0}
    - target: {fileID: 4000011233693186, guid: eb1c596d34569c442800d81e0a495f9a, type: 2}
      propertyPath: m_LocalRotation.w
      value: 1
      objectReference: {fileID: 0}
    - target: {fileID: 4000011233693186, guid: eb1c596d34569c442800d81e0a495f9a, type: 2}
      propertyPath: m_RootOrder
      value: 12
      objectReference: {fileID: 0}
    m_RemovedComponents: []
  m_ParentPrefab: {fileID: 100100000, guid: eb1c596d34569c442800d81e0a495f9a, type: 2}
  m_IsPrefabParent: 0
--- !u!1 &1079614312
GameObject:
  m_ObjectHideFlags: 0
  m_PrefabParentObject: {fileID: 0}
  m_PrefabInternal: {fileID: 0}
  serializedVersion: 4
  m_Component:
  - 4: {fileID: 1079614313}
  m_Layer: 0
  m_Name: Camera Point 2
  m_TagString: Untagged
  m_Icon: {fileID: 0}
  m_NavMeshLayer: 0
  m_StaticEditorFlags: 0
  m_IsActive: 1
--- !u!4 &1079614313
Transform:
  m_ObjectHideFlags: 0
  m_PrefabParentObject: {fileID: 0}
  m_PrefabInternal: {fileID: 0}
  m_GameObject: {fileID: 1079614312}
  m_LocalRotation: {x: 0, y: 0, z: 0, w: 1}
  m_LocalPosition: {x: 0, y: 4, z: 0}
  m_LocalScale: {x: 1, y: 1, z: 1}
  m_LocalEulerAnglesHint: {x: 0, y: 0, z: 0}
  m_Children: []
  m_Father: {fileID: 0}
  m_RootOrder: 2
--- !u!1001 &1086547835
Prefab:
  m_ObjectHideFlags: 0
  serializedVersion: 2
  m_Modification:
    m_TransformParent: {fileID: 0}
    m_Modifications:
    - target: {fileID: 4000010861879594, guid: db2003636c2836e41b334b8b7640954e, type: 2}
      propertyPath: m_LocalPosition.x
      value: -10
      objectReference: {fileID: 0}
    - target: {fileID: 4000010861879594, guid: db2003636c2836e41b334b8b7640954e, type: 2}
      propertyPath: m_LocalPosition.y
      value: 20
      objectReference: {fileID: 0}
    - target: {fileID: 4000010861879594, guid: db2003636c2836e41b334b8b7640954e, type: 2}
      propertyPath: m_LocalPosition.z
      value: 0
      objectReference: {fileID: 0}
    - target: {fileID: 4000010861879594, guid: db2003636c2836e41b334b8b7640954e, type: 2}
      propertyPath: m_LocalRotation.x
      value: 0
      objectReference: {fileID: 0}
    - target: {fileID: 4000010861879594, guid: db2003636c2836e41b334b8b7640954e, type: 2}
      propertyPath: m_LocalRotation.y
      value: 0
      objectReference: {fileID: 0}
    - target: {fileID: 4000010861879594, guid: db2003636c2836e41b334b8b7640954e, type: 2}
      propertyPath: m_LocalRotation.z
      value: 0.7071068
      objectReference: {fileID: 0}
    - target: {fileID: 4000010861879594, guid: db2003636c2836e41b334b8b7640954e, type: 2}
      propertyPath: m_LocalRotation.w
      value: 0.7071068
      objectReference: {fileID: 0}
    - target: {fileID: 4000010861879594, guid: db2003636c2836e41b334b8b7640954e, type: 2}
      propertyPath: m_RootOrder
      value: 26
      objectReference: {fileID: 0}
    - target: {fileID: 1000011757771430, guid: db2003636c2836e41b334b8b7640954e, type: 2}
      propertyPath: m_Name
      value: Golf Game Texture (11)
      objectReference: {fileID: 0}
    - target: {fileID: 4000010861879594, guid: db2003636c2836e41b334b8b7640954e, type: 2}
      propertyPath: m_LocalEulerAnglesHint.z
      value: 90
      objectReference: {fileID: 0}
    m_RemovedComponents: []
  m_ParentPrefab: {fileID: 100100000, guid: db2003636c2836e41b334b8b7640954e, type: 2}
  m_IsPrefabParent: 0
--- !u!1001 &1204813925
Prefab:
  m_ObjectHideFlags: 0
  serializedVersion: 2
  m_Modification:
    m_TransformParent: {fileID: 0}
    m_Modifications:
    - target: {fileID: 4000010089564850, guid: 9ed96ffb3bbf5d246b747190796e0916, type: 2}
      propertyPath: m_LocalPosition.x
      value: -5.641739
      objectReference: {fileID: 0}
    - target: {fileID: 4000010089564850, guid: 9ed96ffb3bbf5d246b747190796e0916, type: 2}
      propertyPath: m_LocalPosition.y
      value: -10.68298
      objectReference: {fileID: 0}
    - target: {fileID: 4000010089564850, guid: 9ed96ffb3bbf5d246b747190796e0916, type: 2}
      propertyPath: m_LocalPosition.z
      value: 0
      objectReference: {fileID: 0}
    - target: {fileID: 4000010089564850, guid: 9ed96ffb3bbf5d246b747190796e0916, type: 2}
      propertyPath: m_LocalRotation.x
      value: -0
      objectReference: {fileID: 0}
    - target: {fileID: 4000010089564850, guid: 9ed96ffb3bbf5d246b747190796e0916, type: 2}
      propertyPath: m_LocalRotation.y
      value: -0
      objectReference: {fileID: 0}
    - target: {fileID: 4000010089564850, guid: 9ed96ffb3bbf5d246b747190796e0916, type: 2}
      propertyPath: m_LocalRotation.z
      value: -0
      objectReference: {fileID: 0}
    - target: {fileID: 4000010089564850, guid: 9ed96ffb3bbf5d246b747190796e0916, type: 2}
      propertyPath: m_LocalRotation.w
      value: 1
      objectReference: {fileID: 0}
    - target: {fileID: 4000010089564850, guid: 9ed96ffb3bbf5d246b747190796e0916, type: 2}
      propertyPath: m_RootOrder
      value: 8
      objectReference: {fileID: 0}
    - target: {fileID: 1000011446418260, guid: 9ed96ffb3bbf5d246b747190796e0916, type: 2}
      propertyPath: m_Name
      value: shrubs (10)
      objectReference: {fileID: 0}
    m_RemovedComponents: []
  m_ParentPrefab: {fileID: 100100000, guid: 9ed96ffb3bbf5d246b747190796e0916, type: 2}
  m_IsPrefabParent: 0
--- !u!1001 &1227590329
Prefab:
  m_ObjectHideFlags: 0
  serializedVersion: 2
  m_Modification:
    m_TransformParent: {fileID: 0}
    m_Modifications:
    - target: {fileID: 4000011446644864, guid: 2bbcd9802a0e66440a0402194184bab9, type: 2}
      propertyPath: m_LocalPosition.x
      value: 1.6
      objectReference: {fileID: 0}
    - target: {fileID: 4000011446644864, guid: 2bbcd9802a0e66440a0402194184bab9, type: 2}
      propertyPath: m_LocalPosition.y
      value: 3
      objectReference: {fileID: 0}
    - target: {fileID: 4000011446644864, guid: 2bbcd9802a0e66440a0402194184bab9, type: 2}
      propertyPath: m_LocalPosition.z
      value: 0
      objectReference: {fileID: 0}
    - target: {fileID: 4000011446644864, guid: 2bbcd9802a0e66440a0402194184bab9, type: 2}
      propertyPath: m_LocalRotation.x
      value: 0
      objectReference: {fileID: 0}
    - target: {fileID: 4000011446644864, guid: 2bbcd9802a0e66440a0402194184bab9, type: 2}
      propertyPath: m_LocalRotation.y
      value: 0
      objectReference: {fileID: 0}
    - target: {fileID: 4000011446644864, guid: 2bbcd9802a0e66440a0402194184bab9, type: 2}
      propertyPath: m_LocalRotation.z
      value: 1
      objectReference: {fileID: 0}
    - target: {fileID: 4000011446644864, guid: 2bbcd9802a0e66440a0402194184bab9, type: 2}
      propertyPath: m_LocalRotation.w
      value: 0
      objectReference: {fileID: 0}
    - target: {fileID: 4000011446644864, guid: 2bbcd9802a0e66440a0402194184bab9, type: 2}
      propertyPath: m_RootOrder
      value: 31
      objectReference: {fileID: 0}
    - target: {fileID: 4000011446644864, guid: 2bbcd9802a0e66440a0402194184bab9, type: 2}
      propertyPath: m_LocalEulerAnglesHint.z
      value: 180
      objectReference: {fileID: 0}
    - target: {fileID: 1000014185866370, guid: 2bbcd9802a0e66440a0402194184bab9, type: 2}
      propertyPath: m_Name
      value: SpeedCollider (4)
      objectReference: {fileID: 0}
    m_RemovedComponents: []
  m_ParentPrefab: {fileID: 100100000, guid: 2bbcd9802a0e66440a0402194184bab9, type: 2}
  m_IsPrefabParent: 0
--- !u!1001 &1384698341
Prefab:
  m_ObjectHideFlags: 0
  serializedVersion: 2
  m_Modification:
    m_TransformParent: {fileID: 0}
    m_Modifications:
    - target: {fileID: 4000010861879594, guid: db2003636c2836e41b334b8b7640954e, type: 2}
      propertyPath: m_LocalPosition.x
      value: 2.8
      objectReference: {fileID: 0}
    - target: {fileID: 4000010861879594, guid: db2003636c2836e41b334b8b7640954e, type: 2}
      propertyPath: m_LocalPosition.y
      value: 6
      objectReference: {fileID: 0}
    - target: {fileID: 4000010861879594, guid: db2003636c2836e41b334b8b7640954e, type: 2}
      propertyPath: m_LocalPosition.z
      value: 0
      objectReference: {fileID: 0}
    - target: {fileID: 4000010861879594, guid: db2003636c2836e41b334b8b7640954e, type: 2}
      propertyPath: m_LocalRotation.x
      value: 0
      objectReference: {fileID: 0}
    - target: {fileID: 4000010861879594, guid: db2003636c2836e41b334b8b7640954e, type: 2}
      propertyPath: m_LocalRotation.y
      value: 0
      objectReference: {fileID: 0}
    - target: {fileID: 4000010861879594, guid: db2003636c2836e41b334b8b7640954e, type: 2}
      propertyPath: m_LocalRotation.z
      value: 0
      objectReference: {fileID: 0}
    - target: {fileID: 4000010861879594, guid: db2003636c2836e41b334b8b7640954e, type: 2}
      propertyPath: m_LocalRotation.w
      value: 1
      objectReference: {fileID: 0}
    - target: {fileID: 4000010861879594, guid: db2003636c2836e41b334b8b7640954e, type: 2}
      propertyPath: m_RootOrder
      value: 16
      objectReference: {fileID: 0}
    m_RemovedComponents: []
  m_ParentPrefab: {fileID: 100100000, guid: db2003636c2836e41b334b8b7640954e, type: 2}
  m_IsPrefabParent: 0
--- !u!1001 &1398487412
Prefab:
  m_ObjectHideFlags: 0
  serializedVersion: 2
  m_Modification:
    m_TransformParent: {fileID: 0}
    m_Modifications:
    - target: {fileID: 4000010826590972, guid: 97015da8420e1c8479b8e777293e5d3d, type: 2}
      propertyPath: m_LocalPosition.x
      value: -1.2124323
      objectReference: {fileID: 0}
    - target: {fileID: 4000010826590972, guid: 97015da8420e1c8479b8e777293e5d3d, type: 2}
      propertyPath: m_LocalPosition.y
      value: 23.224112
      objectReference: {fileID: 0}
    - target: {fileID: 4000010826590972, guid: 97015da8420e1c8479b8e777293e5d3d, type: 2}
      propertyPath: m_LocalPosition.z
      value: 0
      objectReference: {fileID: 0}
    - target: {fileID: 4000010826590972, guid: 97015da8420e1c8479b8e777293e5d3d, type: 2}
      propertyPath: m_LocalRotation.x
      value: -0
      objectReference: {fileID: 0}
    - target: {fileID: 4000010826590972, guid: 97015da8420e1c8479b8e777293e5d3d, type: 2}
      propertyPath: m_LocalRotation.y
      value: -0
      objectReference: {fileID: 0}
    - target: {fileID: 4000010826590972, guid: 97015da8420e1c8479b8e777293e5d3d, type: 2}
      propertyPath: m_LocalRotation.z
      value: -0
      objectReference: {fileID: 0}
    - target: {fileID: 4000010826590972, guid: 97015da8420e1c8479b8e777293e5d3d, type: 2}
      propertyPath: m_LocalRotation.w
      value: 1
      objectReference: {fileID: 0}
    - target: {fileID: 4000010826590972, guid: 97015da8420e1c8479b8e777293e5d3d, type: 2}
      propertyPath: m_RootOrder
      value: 7
      objectReference: {fileID: 0}
    - target: {fileID: 1000010389408072, guid: 97015da8420e1c8479b8e777293e5d3d, type: 2}
      propertyPath: m_Name
      value: shrubs (9)
      objectReference: {fileID: 0}
    m_RemovedComponents: []
  m_ParentPrefab: {fileID: 100100000, guid: 97015da8420e1c8479b8e777293e5d3d, type: 2}
  m_IsPrefabParent: 0
--- !u!1001 &1405896807
Prefab:
  m_ObjectHideFlags: 0
  serializedVersion: 2
  m_Modification:
    m_TransformParent: {fileID: 0}
    m_Modifications:
    - target: {fileID: 4000013441211226, guid: 0ce5a52449aa4b947a205440398f2558, type: 2}
      propertyPath: m_LocalPosition.x
      value: -1.64
      objectReference: {fileID: 0}
    - target: {fileID: 4000013441211226, guid: 0ce5a52449aa4b947a205440398f2558, type: 2}
      propertyPath: m_LocalPosition.y
      value: 18.4
      objectReference: {fileID: 0}
    - target: {fileID: 4000013441211226, guid: 0ce5a52449aa4b947a205440398f2558, type: 2}
      propertyPath: m_LocalPosition.z
      value: 0
      objectReference: {fileID: 0}
    - target: {fileID: 4000013441211226, guid: 0ce5a52449aa4b947a205440398f2558, type: 2}
      propertyPath: m_LocalRotation.x
      value: 0
      objectReference: {fileID: 0}
    - target: {fileID: 4000013441211226, guid: 0ce5a52449aa4b947a205440398f2558, type: 2}
      propertyPath: m_LocalRotation.y
      value: 0
      objectReference: {fileID: 0}
    - target: {fileID: 4000013441211226, guid: 0ce5a52449aa4b947a205440398f2558, type: 2}
      propertyPath: m_LocalRotation.z
      value: 0
      objectReference: {fileID: 0}
    - target: {fileID: 4000013441211226, guid: 0ce5a52449aa4b947a205440398f2558, type: 2}
      propertyPath: m_LocalRotation.w
      value: 1
      objectReference: {fileID: 0}
    - target: {fileID: 4000013441211226, guid: 0ce5a52449aa4b947a205440398f2558, type: 2}
      propertyPath: m_RootOrder
      value: 39
      objectReference: {fileID: 0}
    - target: {fileID: 1000012500308350, guid: 0ce5a52449aa4b947a205440398f2558, type: 2}
      propertyPath: m_Name
      value: WaterObstacle 1 (1)
      objectReference: {fileID: 0}
    m_RemovedComponents: []
  m_ParentPrefab: {fileID: 100100000, guid: 0ce5a52449aa4b947a205440398f2558, type: 2}
  m_IsPrefabParent: 0
--- !u!1001 &1415486815
Prefab:
  m_ObjectHideFlags: 0
  serializedVersion: 2
  m_Modification:
    m_TransformParent: {fileID: 0}
    m_Modifications:
    - target: {fileID: 4000012315540646, guid: 38069859ee4445f4d802d83323b22127, type: 2}
      propertyPath: m_LocalPosition.x
      value: -10
      objectReference: {fileID: 0}
    - target: {fileID: 4000012315540646, guid: 38069859ee4445f4d802d83323b22127, type: 2}
      propertyPath: m_LocalPosition.y
      value: 16
      objectReference: {fileID: 0}
    - target: {fileID: 4000012315540646, guid: 38069859ee4445f4d802d83323b22127, type: 2}
      propertyPath: m_LocalPosition.z
      value: 0.5
      objectReference: {fileID: 0}
    - target: {fileID: 4000012315540646, guid: 38069859ee4445f4d802d83323b22127, type: 2}
      propertyPath: m_LocalRotation.x
      value: 0
      objectReference: {fileID: 0}
    - target: {fileID: 4000012315540646, guid: 38069859ee4445f4d802d83323b22127, type: 2}
      propertyPath: m_LocalRotation.y
      value: 0
      objectReference: {fileID: 0}
    - target: {fileID: 4000012315540646, guid: 38069859ee4445f4d802d83323b22127, type: 2}
      propertyPath: m_LocalRotation.z
      value: 0
      objectReference: {fileID: 0}
    - target: {fileID: 4000012315540646, guid: 38069859ee4445f4d802d83323b22127, type: 2}
      propertyPath: m_LocalRotation.w
      value: 1
      objectReference: {fileID: 0}
    - target: {fileID: 4000012315540646, guid: 38069859ee4445f4d802d83323b22127, type: 2}
      propertyPath: m_RootOrder
      value: 38
      objectReference: {fileID: 0}
    - target: {fileID: 4000012315540646, guid: 38069859ee4445f4d802d83323b22127, type: 2}
      propertyPath: m_LocalScale.x
      value: 10
      objectReference: {fileID: 0}
    - target: {fileID: 4000012315540646, guid: 38069859ee4445f4d802d83323b22127, type: 2}
      propertyPath: m_LocalScale.y
      value: 8
      objectReference: {fileID: 0}
    - target: {fileID: 23000012600708012, guid: 38069859ee4445f4d802d83323b22127,
        type: 2}
      propertyPath: m_Materials.Array.data[0]
      value: 
      objectReference: {fileID: 2100000, guid: 241fa27e19f630f489b5fdb15d0e1b9a, type: 2}
    - target: {fileID: 1000012458758084, guid: 38069859ee4445f4d802d83323b22127, type: 2}
      propertyPath: m_Name
      value: Background (1)
      objectReference: {fileID: 0}
    m_RemovedComponents: []
  m_ParentPrefab: {fileID: 100100000, guid: 38069859ee4445f4d802d83323b22127, type: 2}
  m_IsPrefabParent: 0
--- !u!1001 &1450333000
Prefab:
  m_ObjectHideFlags: 0
  serializedVersion: 2
  m_Modification:
    m_TransformParent: {fileID: 0}
    m_Modifications:
    - target: {fileID: 4000013441211226, guid: 0ce5a52449aa4b947a205440398f2558, type: 2}
      propertyPath: m_LocalPosition.x
      value: -8.75
      objectReference: {fileID: 0}
    - target: {fileID: 4000013441211226, guid: 0ce5a52449aa4b947a205440398f2558, type: 2}
      propertyPath: m_LocalPosition.y
      value: 15.05
      objectReference: {fileID: 0}
    - target: {fileID: 4000013441211226, guid: 0ce5a52449aa4b947a205440398f2558, type: 2}
      propertyPath: m_LocalPosition.z
      value: 0
      objectReference: {fileID: 0}
    - target: {fileID: 4000013441211226, guid: 0ce5a52449aa4b947a205440398f2558, type: 2}
      propertyPath: m_LocalRotation.x
      value: 0
      objectReference: {fileID: 0}
    - target: {fileID: 4000013441211226, guid: 0ce5a52449aa4b947a205440398f2558, type: 2}
      propertyPath: m_LocalRotation.y
      value: 0
      objectReference: {fileID: 0}
    - target: {fileID: 4000013441211226, guid: 0ce5a52449aa4b947a205440398f2558, type: 2}
      propertyPath: m_LocalRotation.z
      value: 0
      objectReference: {fileID: 0}
    - target: {fileID: 4000013441211226, guid: 0ce5a52449aa4b947a205440398f2558, type: 2}
      propertyPath: m_LocalRotation.w
      value: 1
      objectReference: {fileID: 0}
    - target: {fileID: 4000013441211226, guid: 0ce5a52449aa4b947a205440398f2558, type: 2}
      propertyPath: m_RootOrder
      value: 1
      objectReference: {fileID: 0}
    m_RemovedComponents: []
  m_ParentPrefab: {fileID: 100100000, guid: 0ce5a52449aa4b947a205440398f2558, type: 2}
  m_IsPrefabParent: 0
--- !u!1001 &1509068866
Prefab:
  m_ObjectHideFlags: 0
  serializedVersion: 2
  m_Modification:
    m_TransformParent: {fileID: 0}
    m_Modifications:
    - target: {fileID: 4000011447510780, guid: 02e9591d4692f494fa1627f6e75ec7d9, type: 2}
      propertyPath: m_LocalPosition.x
      value: -8.16
      objectReference: {fileID: 0}
    - target: {fileID: 4000011447510780, guid: 02e9591d4692f494fa1627f6e75ec7d9, type: 2}
      propertyPath: m_LocalPosition.y
      value: 8.71
      objectReference: {fileID: 0}
    - target: {fileID: 4000011447510780, guid: 02e9591d4692f494fa1627f6e75ec7d9, type: 2}
      propertyPath: m_LocalPosition.z
      value: 0
      objectReference: {fileID: 0}
    - target: {fileID: 4000011447510780, guid: 02e9591d4692f494fa1627f6e75ec7d9, type: 2}
      propertyPath: m_LocalRotation.x
      value: 0
      objectReference: {fileID: 0}
    - target: {fileID: 4000011447510780, guid: 02e9591d4692f494fa1627f6e75ec7d9, type: 2}
      propertyPath: m_LocalRotation.y
      value: 1
      objectReference: {fileID: 0}
    - target: {fileID: 4000011447510780, guid: 02e9591d4692f494fa1627f6e75ec7d9, type: 2}
      propertyPath: m_LocalRotation.z
      value: 0
      objectReference: {fileID: 0}
    - target: {fileID: 4000011447510780, guid: 02e9591d4692f494fa1627f6e75ec7d9, type: 2}
      propertyPath: m_LocalRotation.w
      value: 0
      objectReference: {fileID: 0}
    - target: {fileID: 4000011447510780, guid: 02e9591d4692f494fa1627f6e75ec7d9, type: 2}
      propertyPath: m_RootOrder
      value: 14
      objectReference: {fileID: 0}
    - target: {fileID: 1000011835855520, guid: 02e9591d4692f494fa1627f6e75ec7d9, type: 2}
      propertyPath: m_Name
      value: shrubs (2)
      objectReference: {fileID: 0}
    - target: {fileID: 4000011447510780, guid: 02e9591d4692f494fa1627f6e75ec7d9, type: 2}
      propertyPath: m_LocalEulerAnglesHint.y
      value: 180
      objectReference: {fileID: 0}
    m_RemovedComponents: []
  m_ParentPrefab: {fileID: 100100000, guid: 02e9591d4692f494fa1627f6e75ec7d9, type: 2}
  m_IsPrefabParent: 0
--- !u!1001 &1551441110
Prefab:
  m_ObjectHideFlags: 0
  serializedVersion: 2
  m_Modification:
    m_TransformParent: {fileID: 0}
    m_Modifications:
    - target: {fileID: 4000010826590972, guid: 97015da8420e1c8479b8e777293e5d3d, type: 2}
      propertyPath: m_LocalPosition.x
      value: 7.4170737
      objectReference: {fileID: 0}
    - target: {fileID: 4000010826590972, guid: 97015da8420e1c8479b8e777293e5d3d, type: 2}
      propertyPath: m_LocalPosition.y
      value: 6.3469353
      objectReference: {fileID: 0}
    - target: {fileID: 4000010826590972, guid: 97015da8420e1c8479b8e777293e5d3d, type: 2}
      propertyPath: m_LocalPosition.z
      value: 0
      objectReference: {fileID: 0}
    - target: {fileID: 4000010826590972, guid: 97015da8420e1c8479b8e777293e5d3d, type: 2}
      propertyPath: m_LocalRotation.x
      value: -0
      objectReference: {fileID: 0}
    - target: {fileID: 4000010826590972, guid: 97015da8420e1c8479b8e777293e5d3d, type: 2}
      propertyPath: m_LocalRotation.y
      value: -0
      objectReference: {fileID: 0}
    - target: {fileID: 4000010826590972, guid: 97015da8420e1c8479b8e777293e5d3d, type: 2}
      propertyPath: m_LocalRotation.z
      value: -0
      objectReference: {fileID: 0}
    - target: {fileID: 4000010826590972, guid: 97015da8420e1c8479b8e777293e5d3d, type: 2}
      propertyPath: m_LocalRotation.w
      value: 1
      objectReference: {fileID: 0}
    - target: {fileID: 4000010826590972, guid: 97015da8420e1c8479b8e777293e5d3d, type: 2}
      propertyPath: m_RootOrder
      value: 10
      objectReference: {fileID: 0}
    m_RemovedComponents: []
  m_ParentPrefab: {fileID: 100100000, guid: 97015da8420e1c8479b8e777293e5d3d, type: 2}
  m_IsPrefabParent: 0
--- !u!1001 &1642883668
Prefab:
  m_ObjectHideFlags: 0
  serializedVersion: 2
  m_Modification:
    m_TransformParent: {fileID: 0}
    m_Modifications:
    - target: {fileID: 4000010861879594, guid: db2003636c2836e41b334b8b7640954e, type: 2}
      propertyPath: m_LocalPosition.x
      value: 2.8
      objectReference: {fileID: 0}
    - target: {fileID: 4000010861879594, guid: db2003636c2836e41b334b8b7640954e, type: 2}
      propertyPath: m_LocalPosition.y
      value: 12.13
      objectReference: {fileID: 0}
    - target: {fileID: 4000010861879594, guid: db2003636c2836e41b334b8b7640954e, type: 2}
      propertyPath: m_LocalPosition.z
      value: 0
      objectReference: {fileID: 0}
    - target: {fileID: 4000010861879594, guid: db2003636c2836e41b334b8b7640954e, type: 2}
      propertyPath: m_LocalRotation.x
      value: 0
      objectReference: {fileID: 0}
    - target: {fileID: 4000010861879594, guid: db2003636c2836e41b334b8b7640954e, type: 2}
      propertyPath: m_LocalRotation.y
      value: 0
      objectReference: {fileID: 0}
    - target: {fileID: 4000010861879594, guid: db2003636c2836e41b334b8b7640954e, type: 2}
      propertyPath: m_LocalRotation.z
      value: 0
      objectReference: {fileID: 0}
    - target: {fileID: 4000010861879594, guid: db2003636c2836e41b334b8b7640954e, type: 2}
      propertyPath: m_LocalRotation.w
      value: 1
      objectReference: {fileID: 0}
    - target: {fileID: 4000010861879594, guid: db2003636c2836e41b334b8b7640954e, type: 2}
      propertyPath: m_RootOrder
      value: 36
      objectReference: {fileID: 0}
    - target: {fileID: 1000011757771430, guid: db2003636c2836e41b334b8b7640954e, type: 2}
      propertyPath: m_Name
      value: Golf Game Texture (7)
      objectReference: {fileID: 0}
    m_RemovedComponents: []
  m_ParentPrefab: {fileID: 100100000, guid: db2003636c2836e41b334b8b7640954e, type: 2}
  m_IsPrefabParent: 0
--- !u!1001 &1671411712
Prefab:
  m_ObjectHideFlags: 0
  serializedVersion: 2
  m_Modification:
    m_TransformParent: {fileID: 0}
    m_Modifications:
    - target: {fileID: 4000010861879594, guid: db2003636c2836e41b334b8b7640954e, type: 2}
      propertyPath: m_LocalPosition.x
      value: 0
      objectReference: {fileID: 0}
    - target: {fileID: 4000010861879594, guid: db2003636c2836e41b334b8b7640954e, type: 2}
      propertyPath: m_LocalPosition.y
      value: -8.46
      objectReference: {fileID: 0}
    - target: {fileID: 4000010861879594, guid: db2003636c2836e41b334b8b7640954e, type: 2}
      propertyPath: m_LocalPosition.z
      value: 0
      objectReference: {fileID: 0}
    - target: {fileID: 4000010861879594, guid: db2003636c2836e41b334b8b7640954e, type: 2}
      propertyPath: m_LocalRotation.x
      value: 0
      objectReference: {fileID: 0}
    - target: {fileID: 4000010861879594, guid: db2003636c2836e41b334b8b7640954e, type: 2}
      propertyPath: m_LocalRotation.y
      value: 0
      objectReference: {fileID: 0}
    - target: {fileID: 4000010861879594, guid: db2003636c2836e41b334b8b7640954e, type: 2}
      propertyPath: m_LocalRotation.z
      value: 0.7071068
      objectReference: {fileID: 0}
    - target: {fileID: 4000010861879594, guid: db2003636c2836e41b334b8b7640954e, type: 2}
      propertyPath: m_LocalRotation.w
      value: 0.7071068
      objectReference: {fileID: 0}
    - target: {fileID: 4000010861879594, guid: db2003636c2836e41b334b8b7640954e, type: 2}
      propertyPath: m_RootOrder
      value: 22
      objectReference: {fileID: 0}
    - target: {fileID: 1000011757771430, guid: db2003636c2836e41b334b8b7640954e, type: 2}
      propertyPath: m_Name
      value: Golf Game Texture (5)
      objectReference: {fileID: 0}
    - target: {fileID: 4000010861879594, guid: db2003636c2836e41b334b8b7640954e, type: 2}
      propertyPath: m_LocalEulerAnglesHint.z
      value: 90
      objectReference: {fileID: 0}
    m_RemovedComponents: []
  m_ParentPrefab: {fileID: 100100000, guid: db2003636c2836e41b334b8b7640954e, type: 2}
  m_IsPrefabParent: 0
--- !u!1001 &1687640893
Prefab:
  m_ObjectHideFlags: 0
  serializedVersion: 2
  m_Modification:
    m_TransformParent: {fileID: 0}
    m_Modifications:
    - target: {fileID: 4000011446644864, guid: 2bbcd9802a0e66440a0402194184bab9, type: 2}
      propertyPath: m_LocalPosition.x
      value: 4
      objectReference: {fileID: 0}
    - target: {fileID: 4000011446644864, guid: 2bbcd9802a0e66440a0402194184bab9, type: 2}
      propertyPath: m_LocalPosition.y
      value: 2
      objectReference: {fileID: 0}
    - target: {fileID: 4000011446644864, guid: 2bbcd9802a0e66440a0402194184bab9, type: 2}
      propertyPath: m_LocalPosition.z
      value: 0
      objectReference: {fileID: 0}
    - target: {fileID: 4000011446644864, guid: 2bbcd9802a0e66440a0402194184bab9, type: 2}
      propertyPath: m_LocalRotation.x
      value: 0
      objectReference: {fileID: 0}
    - target: {fileID: 4000011446644864, guid: 2bbcd9802a0e66440a0402194184bab9, type: 2}
      propertyPath: m_LocalRotation.y
      value: 0
      objectReference: {fileID: 0}
    - target: {fileID: 4000011446644864, guid: 2bbcd9802a0e66440a0402194184bab9, type: 2}
      propertyPath: m_LocalRotation.z
      value: 0
      objectReference: {fileID: 0}
    - target: {fileID: 4000011446644864, guid: 2bbcd9802a0e66440a0402194184bab9, type: 2}
      propertyPath: m_LocalRotation.w
      value: 1
      objectReference: {fileID: 0}
    - target: {fileID: 4000011446644864, guid: 2bbcd9802a0e66440a0402194184bab9, type: 2}
      propertyPath: m_RootOrder
      value: 17
      objectReference: {fileID: 0}
    - target: {fileID: 4000011446644864, guid: 2bbcd9802a0e66440a0402194184bab9, type: 2}
      propertyPath: m_LocalEulerAnglesHint.z
      value: 0
      objectReference: {fileID: 0}
    m_RemovedComponents: []
  m_ParentPrefab: {fileID: 100100000, guid: 2bbcd9802a0e66440a0402194184bab9, type: 2}
  m_IsPrefabParent: 0
--- !u!1001 &1700302589
Prefab:
  m_ObjectHideFlags: 0
  serializedVersion: 2
  m_Modification:
    m_TransformParent: {fileID: 0}
    m_Modifications:
    - target: {fileID: 4000010089564850, guid: 9ed96ffb3bbf5d246b747190796e0916, type: 2}
      propertyPath: m_LocalPosition.x
      value: -7.550923
      objectReference: {fileID: 0}
    - target: {fileID: 4000010089564850, guid: 9ed96ffb3bbf5d246b747190796e0916, type: 2}
      propertyPath: m_LocalPosition.y
      value: 21.773132
      objectReference: {fileID: 0}
    - target: {fileID: 4000010089564850, guid: 9ed96ffb3bbf5d246b747190796e0916, type: 2}
      propertyPath: m_LocalPosition.z
      value: 0
      objectReference: {fileID: 0}
    - target: {fileID: 4000010089564850, guid: 9ed96ffb3bbf5d246b747190796e0916, type: 2}
      propertyPath: m_LocalRotation.x
      value: -0
      objectReference: {fileID: 0}
    - target: {fileID: 4000010089564850, guid: 9ed96ffb3bbf5d246b747190796e0916, type: 2}
      propertyPath: m_LocalRotation.y
      value: -0
      objectReference: {fileID: 0}
    - target: {fileID: 4000010089564850, guid: 9ed96ffb3bbf5d246b747190796e0916, type: 2}
      propertyPath: m_LocalRotation.z
      value: -0
      objectReference: {fileID: 0}
    - target: {fileID: 4000010089564850, guid: 9ed96ffb3bbf5d246b747190796e0916, type: 2}
      propertyPath: m_LocalRotation.w
      value: 1
      objectReference: {fileID: 0}
    - target: {fileID: 4000010089564850, guid: 9ed96ffb3bbf5d246b747190796e0916, type: 2}
      propertyPath: m_RootOrder
      value: 6
      objectReference: {fileID: 0}
    - target: {fileID: 1000011446418260, guid: 9ed96ffb3bbf5d246b747190796e0916, type: 2}
      propertyPath: m_Name
      value: shrubs (8)
      objectReference: {fileID: 0}
    m_RemovedComponents: []
  m_ParentPrefab: {fileID: 100100000, guid: 9ed96ffb3bbf5d246b747190796e0916, type: 2}
  m_IsPrefabParent: 0
--- !u!1001 &1786856158
Prefab:
  m_ObjectHideFlags: 0
  serializedVersion: 2
  m_Modification:
    m_TransformParent: {fileID: 0}
    m_Modifications:
    - target: {fileID: 4000010861879594, guid: db2003636c2836e41b334b8b7640954e, type: 2}
      propertyPath: m_LocalPosition.x
      value: -5.2
      objectReference: {fileID: 0}
    - target: {fileID: 4000010861879594, guid: db2003636c2836e41b334b8b7640954e, type: 2}
      propertyPath: m_LocalPosition.y
      value: -3.6
      objectReference: {fileID: 0}
    - target: {fileID: 4000010861879594, guid: db2003636c2836e41b334b8b7640954e, type: 2}
      propertyPath: m_LocalPosition.z
      value: 0
      objectReference: {fileID: 0}
    - target: {fileID: 4000010861879594, guid: db2003636c2836e41b334b8b7640954e, type: 2}
      propertyPath: m_LocalRotation.x
      value: 0
      objectReference: {fileID: 0}
    - target: {fileID: 4000010861879594, guid: db2003636c2836e41b334b8b7640954e, type: 2}
      propertyPath: m_LocalRotation.y
      value: 0
      objectReference: {fileID: 0}
    - target: {fileID: 4000010861879594, guid: db2003636c2836e41b334b8b7640954e, type: 2}
      propertyPath: m_LocalRotation.z
      value: 0
      objectReference: {fileID: 0}
    - target: {fileID: 4000010861879594, guid: db2003636c2836e41b334b8b7640954e, type: 2}
      propertyPath: m_LocalRotation.w
      value: 1
      objectReference: {fileID: 0}
    - target: {fileID: 4000010861879594, guid: db2003636c2836e41b334b8b7640954e, type: 2}
      propertyPath: m_RootOrder
      value: 18
      objectReference: {fileID: 0}
    - target: {fileID: 1000011757771430, guid: db2003636c2836e41b334b8b7640954e, type: 2}
      propertyPath: m_Name
      value: Golf Game Texture (1)
      objectReference: {fileID: 0}
    m_RemovedComponents: []
  m_ParentPrefab: {fileID: 100100000, guid: db2003636c2836e41b334b8b7640954e, type: 2}
  m_IsPrefabParent: 0
--- !u!1001 &1885677527
Prefab:
  m_ObjectHideFlags: 0
  serializedVersion: 2
  m_Modification:
    m_TransformParent: {fileID: 0}
    m_Modifications:
    - target: {fileID: 4000010123467370, guid: 7514ccae3cbcae24cb23d3257f644ff0, type: 2}
      propertyPath: m_LocalPosition.x
      value: -7.3981857
      objectReference: {fileID: 0}
    - target: {fileID: 4000010123467370, guid: 7514ccae3cbcae24cb23d3257f644ff0, type: 2}
      propertyPath: m_LocalPosition.y
      value: -1.4425325
      objectReference: {fileID: 0}
    - target: {fileID: 4000010123467370, guid: 7514ccae3cbcae24cb23d3257f644ff0, type: 2}
      propertyPath: m_LocalPosition.z
      value: 0
      objectReference: {fileID: 0}
    - target: {fileID: 4000010123467370, guid: 7514ccae3cbcae24cb23d3257f644ff0, type: 2}
      propertyPath: m_LocalRotation.x
      value: -0
      objectReference: {fileID: 0}
    - target: {fileID: 4000010123467370, guid: 7514ccae3cbcae24cb23d3257f644ff0, type: 2}
      propertyPath: m_LocalRotation.y
      value: -0
      objectReference: {fileID: 0}
    - target: {fileID: 4000010123467370, guid: 7514ccae3cbcae24cb23d3257f644ff0, type: 2}
      propertyPath: m_LocalRotation.z
      value: -0
      objectReference: {fileID: 0}
    - target: {fileID: 4000010123467370, guid: 7514ccae3cbcae24cb23d3257f644ff0, type: 2}
      propertyPath: m_LocalRotation.w
      value: 1
      objectReference: {fileID: 0}
    - target: {fileID: 4000010123467370, guid: 7514ccae3cbcae24cb23d3257f644ff0, type: 2}
      propertyPath: m_RootOrder
      value: 9
      objectReference: {fileID: 0}
    - target: {fileID: 1000011158166608, guid: 7514ccae3cbcae24cb23d3257f644ff0, type: 2}
      propertyPath: m_Name
      value: shrubs (6)
      objectReference: {fileID: 0}
    m_RemovedComponents: []
  m_ParentPrefab: {fileID: 100100000, guid: 7514ccae3cbcae24cb23d3257f644ff0, type: 2}
  m_IsPrefabParent: 0
--- !u!1001 &1903978985
Prefab:
  m_ObjectHideFlags: 0
  serializedVersion: 2
  m_Modification:
    m_TransformParent: {fileID: 0}
    m_Modifications:
    - target: {fileID: 4000011446644864, guid: 2bbcd9802a0e66440a0402194184bab9, type: 2}
      propertyPath: m_LocalPosition.x
      value: -3.8
      objectReference: {fileID: 0}
    - target: {fileID: 4000011446644864, guid: 2bbcd9802a0e66440a0402194184bab9, type: 2}
      propertyPath: m_LocalPosition.y
      value: 3
      objectReference: {fileID: 0}
    - target: {fileID: 4000011446644864, guid: 2bbcd9802a0e66440a0402194184bab9, type: 2}
      propertyPath: m_LocalPosition.z
      value: 0
      objectReference: {fileID: 0}
    - target: {fileID: 4000011446644864, guid: 2bbcd9802a0e66440a0402194184bab9, type: 2}
      propertyPath: m_LocalRotation.x
      value: 0
      objectReference: {fileID: 0}
    - target: {fileID: 4000011446644864, guid: 2bbcd9802a0e66440a0402194184bab9, type: 2}
      propertyPath: m_LocalRotation.y
      value: 0
      objectReference: {fileID: 0}
    - target: {fileID: 4000011446644864, guid: 2bbcd9802a0e66440a0402194184bab9, type: 2}
      propertyPath: m_LocalRotation.z
      value: 1
      objectReference: {fileID: 0}
    - target: {fileID: 4000011446644864, guid: 2bbcd9802a0e66440a0402194184bab9, type: 2}
      propertyPath: m_LocalRotation.w
      value: 0
      objectReference: {fileID: 0}
    - target: {fileID: 4000011446644864, guid: 2bbcd9802a0e66440a0402194184bab9, type: 2}
      propertyPath: m_RootOrder
      value: 28
      objectReference: {fileID: 0}
    - target: {fileID: 4000011446644864, guid: 2bbcd9802a0e66440a0402194184bab9, type: 2}
      propertyPath: m_LocalEulerAnglesHint.z
      value: 180
      objectReference: {fileID: 0}
    - target: {fileID: 1000014185866370, guid: 2bbcd9802a0e66440a0402194184bab9, type: 2}
      propertyPath: m_Name
      value: SpeedCollider (1)
      objectReference: {fileID: 0}
    m_RemovedComponents: []
  m_ParentPrefab: {fileID: 100100000, guid: 2bbcd9802a0e66440a0402194184bab9, type: 2}
  m_IsPrefabParent: 0
--- !u!1 &1964017611
GameObject:
  m_ObjectHideFlags: 0
  m_PrefabParentObject: {fileID: 1000010040262842, guid: db660e9c53c9cce49a8a8143b38a42b0,
    type: 2}
  m_PrefabInternal: {fileID: 0}
  serializedVersion: 4
  m_Component:
  - 4: {fileID: 1964017613}
  - 114: {fileID: 1964017612}
  m_Layer: 0
  m_Name: TestLevel
  m_TagString: Untagged
  m_Icon: {fileID: 0}
  m_NavMeshLayer: 0
  m_StaticEditorFlags: 0
  m_IsActive: 1
--- !u!114 &1964017612
MonoBehaviour:
  m_ObjectHideFlags: 0
  m_PrefabParentObject: {fileID: 114000011836932952, guid: db660e9c53c9cce49a8a8143b38a42b0,
    type: 2}
  m_PrefabInternal: {fileID: 0}
  m_GameObject: {fileID: 1964017611}
  m_Enabled: 1
  m_EditorHideFlags: 0
  m_Script: {fileID: 11500000, guid: 795b2bc1a9ffd6f4f960b86baf87e011, type: 3}
  m_Name: 
  m_EditorClassIdentifier: 
  allowedShots: 5
  cameraTrackPath:
  - {fileID: 200493709}
  - {fileID: 19710996}
  - {fileID: 1079614313}
  - {fileID: 947913657}
--- !u!4 &1964017613
Transform:
  m_ObjectHideFlags: 0
  m_PrefabParentObject: {fileID: 4000014292348684, guid: db660e9c53c9cce49a8a8143b38a42b0,
    type: 2}
  m_PrefabInternal: {fileID: 0}
  m_GameObject: {fileID: 1964017611}
  m_LocalRotation: {x: 0, y: 0, z: 0, w: 1}
  m_LocalPosition: {x: 0, y: 0, z: 0}
  m_LocalScale: {x: 1, y: 1, z: 1}
  m_LocalEulerAnglesHint: {x: 0, y: 0, z: 0}
  m_Children: []
  m_Father: {fileID: 0}
  m_RootOrder: 5
--- !u!1001 &2020516224
Prefab:
  m_ObjectHideFlags: 0
  serializedVersion: 2
  m_Modification:
    m_TransformParent: {fileID: 0}
    m_Modifications:
    - target: {fileID: 4000011446644864, guid: 2bbcd9802a0e66440a0402194184bab9, type: 2}
      propertyPath: m_LocalPosition.x
      value: 1.6
      objectReference: {fileID: 0}
    - target: {fileID: 4000011446644864, guid: 2bbcd9802a0e66440a0402194184bab9, type: 2}
      propertyPath: m_LocalPosition.y
      value: 9.89
      objectReference: {fileID: 0}
    - target: {fileID: 4000011446644864, guid: 2bbcd9802a0e66440a0402194184bab9, type: 2}
      propertyPath: m_LocalPosition.z
      value: 0
      objectReference: {fileID: 0}
    - target: {fileID: 4000011446644864, guid: 2bbcd9802a0e66440a0402194184bab9, type: 2}
      propertyPath: m_LocalRotation.x
      value: 0
      objectReference: {fileID: 0}
    - target: {fileID: 4000011446644864, guid: 2bbcd9802a0e66440a0402194184bab9, type: 2}
      propertyPath: m_LocalRotation.y
      value: 0
      objectReference: {fileID: 0}
    - target: {fileID: 4000011446644864, guid: 2bbcd9802a0e66440a0402194184bab9, type: 2}
      propertyPath: m_LocalRotation.z
      value: 1
      objectReference: {fileID: 0}
    - target: {fileID: 4000011446644864, guid: 2bbcd9802a0e66440a0402194184bab9, type: 2}
      propertyPath: m_LocalRotation.w
      value: 0
      objectReference: {fileID: 0}
    - target: {fileID: 4000011446644864, guid: 2bbcd9802a0e66440a0402194184bab9, type: 2}
      propertyPath: m_RootOrder
      value: 33
      objectReference: {fileID: 0}
    - target: {fileID: 4000011446644864, guid: 2bbcd9802a0e66440a0402194184bab9, type: 2}
      propertyPath: m_LocalEulerAnglesHint.z
      value: 180
      objectReference: {fileID: 0}
    - target: {fileID: 1000014185866370, guid: 2bbcd9802a0e66440a0402194184bab9, type: 2}
      propertyPath: m_Name
      value: SpeedCollider (6)
      objectReference: {fileID: 0}
    m_RemovedComponents: []
  m_ParentPrefab: {fileID: 100100000, guid: 2bbcd9802a0e66440a0402194184bab9, type: 2}
  m_IsPrefabParent: 0
--- !u!1001 &2052250131
Prefab:
  m_ObjectHideFlags: 0
  serializedVersion: 2
  m_Modification:
    m_TransformParent: {fileID: 0}
    m_Modifications:
    - target: {fileID: 4000011446644864, guid: 2bbcd9802a0e66440a0402194184bab9, type: 2}
      propertyPath: m_LocalPosition.x
      value: -3.8
      objectReference: {fileID: 0}
    - target: {fileID: 4000011446644864, guid: 2bbcd9802a0e66440a0402194184bab9, type: 2}
      propertyPath: m_LocalPosition.y
      value: 9.89
      objectReference: {fileID: 0}
    - target: {fileID: 4000011446644864, guid: 2bbcd9802a0e66440a0402194184bab9, type: 2}
      propertyPath: m_LocalPosition.z
      value: 0
      objectReference: {fileID: 0}
    - target: {fileID: 4000011446644864, guid: 2bbcd9802a0e66440a0402194184bab9, type: 2}
      propertyPath: m_LocalRotation.x
      value: 0
      objectReference: {fileID: 0}
    - target: {fileID: 4000011446644864, guid: 2bbcd9802a0e66440a0402194184bab9, type: 2}
      propertyPath: m_LocalRotation.y
      value: 0
      objectReference: {fileID: 0}
    - target: {fileID: 4000011446644864, guid: 2bbcd9802a0e66440a0402194184bab9, type: 2}
      propertyPath: m_LocalRotation.z
      value: 1
      objectReference: {fileID: 0}
    - target: {fileID: 4000011446644864, guid: 2bbcd9802a0e66440a0402194184bab9, type: 2}
      propertyPath: m_LocalRotation.w
      value: 0
      objectReference: {fileID: 0}
    - target: {fileID: 4000011446644864, guid: 2bbcd9802a0e66440a0402194184bab9, type: 2}
      propertyPath: m_RootOrder
      value: 32
      objectReference: {fileID: 0}
    - target: {fileID: 4000011446644864, guid: 2bbcd9802a0e66440a0402194184bab9, type: 2}
      propertyPath: m_LocalEulerAnglesHint.z
      value: 180
      objectReference: {fileID: 0}
    - target: {fileID: 1000014185866370, guid: 2bbcd9802a0e66440a0402194184bab9, type: 2}
      propertyPath: m_Name
      value: SpeedCollider (5)
      objectReference: {fileID: 0}
    m_RemovedComponents: []
  m_ParentPrefab: {fileID: 100100000, guid: 2bbcd9802a0e66440a0402194184bab9, type: 2}
  m_IsPrefabParent: 0
